<record><leader>00000cas a22000007a 4500</leader><controlfield tag="001">11046911</controlfield><controlfield tag="008">840813d19411943nyumx ne      0   b0fre d</controlfield><datafield ind1=" " ind2=" " tag="010"><subfield code="a">sn 89060329 </subfield></datafield><datafield ind1=" " ind2=" " tag="040"><subfield code="a">CRL</subfield><subfield code="b">eng</subfield><subfield code="c">CRL</subfield><subfield code="d">MFN</subfield><subfield code="d">NSD</subfield><subfield code="d">MFN</subfield><subfield code="d">YOX</subfield><subfield code="d">OCLCQ</subfield><subfield code="d">UKMGB</subfield><subfield code="d">OCLCQ</subfield><subfield code="d">OCLCF</subfield><subfield code="d">OCLCO</subfield><subfield code="d">OCL</subfield><subfield code="d">OCLCQ</subfield></datafield><datafield ind1="7" ind2=" " tag="016"><subfield code="a">013926944</subfield><subfield code="2">Uk</subfield></datafield><datafield ind1="1" ind2=" " tag="022"><subfield code="a">1052-6927</subfield><subfield code="l">1052-6927</subfield><subfield code="2">1</subfield></datafield><datafield ind1="0" ind2=" " tag="041"><subfield code="a">fre</subfield><subfield code="a">eng</subfield></datafield><datafield ind1=" " ind2=" " tag="042"><subfield code="a">msc</subfield><subfield code="a">nsdp</subfield></datafield><datafield ind1=" " ind2=" " tag="043"><subfield code="a">n-us-ny</subfield></datafield><datafield ind1=" " ind2="3" tag="222"><subfield code="a">La Voix de France</subfield><subfield code="b">(New York, N.Y.)</subfield></datafield><datafield ind1="0" ind2="3" tag="245"><subfield code="a">La Voix de France.</subfield></datafield><datafield ind1=" " ind2=" " tag="260"><subfield code="a">New York, N.Y. :</subfield><subfield code="b">Aldophe Demilly</subfield></datafield><datafield ind1=" " ind2=" " tag="300"><subfield code="a">volumes</subfield></datafield><datafield ind1=" " ind2=" " tag="310"><subfield code="a">Monthly (irregular),</subfield><subfield code="b">June 1942-Mar. 1943</subfield></datafield><datafield ind1=" " ind2=" " tag="321"><subfield code="a">Semimonthly,</subfield><subfield code="b">Sept. 15, 1941-May 1942</subfield></datafield><datafield ind1=" " ind2=" " tag="336"><subfield code="a">text</subfield><subfield code="b">txt</subfield><subfield code="2">rdacontent</subfield></datafield><datafield ind1=" " ind2=" " tag="337"><subfield code="a">unmediated</subfield><subfield code="b">n</subfield><subfield code="2">rdamedia</subfield></datafield><datafield ind1=" " ind2=" " tag="338"><subfield code="a">volume</subfield><subfield code="b">nc</subfield><subfield code="2">rdacarrier</subfield></datafield><datafield ind1="0" ind2=" " tag="362"><subfield code="a">Nouv. se&#769;r., no. 1 (15 sept., 1941)-2e. annee, no. 8 (11 mars 1943).</subfield></datafield><datafield ind1=" " ind2=" " tag="500"><subfield code="a">At head of title: The first fighting French paper in the United States, Dec. 17, 1942-Mar. 11, 1943.</subfield></datafield><datafield ind1=" " ind2=" " tag="500"><subfield code="a">Some issues include the section La Voix de France universitaire, Nov. 1942-Mar. 1943; issues for Anne&#769;e 2, no. 2-7 (Nov. 1942-Feb. 1943)--also include the section La Voix de Belgique, edited by Robert Goffin.</subfield></datafield><datafield ind1=" " ind2=" " tag="515"><subfield code="a">Issues for Sept. 15, 1941-Aug. 15, 1942 called Nouvelle se&#769;rie, no. 1-20.</subfield></datafield><datafield ind1=" " ind2=" " tag="525"><subfield code="a">Issue for Nov. 1, 1941 includes supplement.</subfield></datafield><datafield ind1=" " ind2=" " tag="546"><subfield code="a">In French and English.</subfield></datafield><datafield ind1=" " ind2="0" tag="650"><subfield code="a">French newspapers</subfield><subfield code="z">New York (State)</subfield></datafield><datafield ind1=" " ind2="7" tag="650"><subfield code="a">French newspapers.</subfield><subfield code="2">fast</subfield><subfield code="0">(OCoLC)fst00934758</subfield></datafield><datafield ind1=" " ind2="7" tag="651"><subfield code="a">New York (State)</subfield><subfield code="2">fast</subfield><subfield code="0">(OCoLC)fst01210280</subfield></datafield><datafield ind1=" " ind2=" " tag="752"><subfield code="a">United States</subfield><subfield code="b">New York</subfield><subfield code="c">New York</subfield><subfield code="d">New York.</subfield></datafield><datafield ind1="0" ind2="4" tag="785"><subfield code="t">Pour la victoire</subfield><subfield code="x">1052-6374</subfield><subfield code="w">(DLC)sn 83045415</subfield></datafield><datafield ind1="1" ind2=" " tag="029"><subfield code="a">ZWZ</subfield><subfield code="b">093884443</subfield></datafield></record>